@article{knuth:1974,
  author    = {Knuth, Donald E.},
  title     = {{C}omputer {P}rogramming as an {A}rt},
  journal   = {Communications of the ACM},
  year      = {1974},
  volume    = {17},
  pages     = {667--673},
  number    = {12},
  publisher = {ACM Press}
}

